@mastersthesis{chandran_2011, 
    title={Robust method to deduce cache and {TLB} characteristics}, 
    url={http://rave.ohiolink.edu/etdc/view?acc_num=osu1308256764}, 
    author={Chandran, Varadharajan}, 
    school={Ohio State University},
    year={2011}
}
@manual{intel_2021,
    title={{Intel® 64 and IA-32 Architectures Software Developer’s Manual Combined Volumes: 1, 2A, 2B, 2C, 2D, 3A, 3B, 3C, 3D, and 4}},
    organization={Intel Corporation},
    year={2021},
    url={https://software.intel.com/content/www/us/en/develop/download/intel-64-and-ia-32-architectures-sdm-combined-volumes-1-2a-2b-2c-2d-3a-3b-3c-3d-and-4.html} 
}
